<?xml version="1.0" encoding="UTF-8"?><collection xmlns="http://www.loc.gov/MARC21/slim"><record><leader>00377nam--2200133-i-4500</leader><controlfield tag="001">000031025</controlfield><controlfield tag="002">20161230</controlfield><controlfield tag="005">20161230201038</controlfield><controlfield tag="008">060222s1000------------r-----000-0-eng-d</controlfield><datafield ind1=" " ind2=" " tag="080"><subfield code="a">513.8+513.81+513.0</subfield></datafield><datafield ind1=" " ind2=" " tag="100"><subfield code="a">Lobacevski, N.I</subfield></datafield><datafield ind1=" " ind2=" " tag="245"><subfield code="a">Cercetari geometrice cu privire la teoria liniilor paralele</subfield></datafield><datafield ind1=" " ind2=" " tag="260"><subfield code="a">Bucuresti, Editura Acad.Rpr., 1952. 72p. Cu Fig</subfield></datafield><datafield ind1=" " ind2=" " tag="852"><subfield code="a">2205</subfield></datafield></record></collection>